@book{Zakharov,
    author    = "VE. Zakharov, G. Falkovich and VS. LVov",
    title     = "Kolmogorov Spectra of Turbulence I",
    year      = "1992",
    publisher = "Springer-Verlag",
    address   = ""
}

@article{Onorato2020,
  title = {A straightforward derivation of the four-wave kinetic equation in action-angle variables},
  volume = {4},
  ISSN = {2399-6528},
  url = {http://dx.doi.org/10.1088/2399-6528/abb4b7},
  DOI = {10.1088/2399-6528/abb4b7},
  number = {9},
  journal = {Journal of Physics Communications},
  publisher = {IOP Publishing},
  author = {Onorato,  M and Dematteis,  G},
  year = {2020},
  month = sep,
  pages = {095016}
}

@book{Nazarenko2011,
  title = {Wave Turbulence},
  ISBN = {9783642159428},
  ISSN = {1616-6361},
  url = {http://dx.doi.org/10.1007/978-3-642-15942-8},
  DOI = {10.1007/978-3-642-15942-8},
  journal = {Lecture Notes in Physics},
  publisher = {Springer Berlin Heidelberg},
  author = {Nazarenko,  Sergey},
  year = {2011}
}

@article{Hasselmann1962,
  title = {On the non-linear energy transfer in a gravity-wave spectrum Part 1. General theory},
  volume = {12},
  ISSN = {1469-7645},
  url = {http://dx.doi.org/10.1017/S0022112062000373},
  DOI = {10.1017/s0022112062000373},
  number = {04},
  journal = {Journal of Fluid Mechanics},
  publisher = {Cambridge University Press (CUP)},
  author = {Hasselmann,  K.},
  year = {1962},
  month = apr,
  pages = {481}
}

@article{Zakharov1965,
  title = {Weak turbulence in media with a decay spectrum},
  volume = {6},
  ISSN = {1573-8620},
  url = {http://dx.doi.org/10.1007/BF01565814},
  DOI = {10.1007/bf01565814},
  number = {4},
  journal = {Journal of Applied Mechanics and Technical Physics},
  publisher = {Springer Science and Business Media LLC},
  author = {Zakharov,  V. E.},
  year = {1965},
  month = jul,
  pages = {22–24}
}

@article{1991,
  volume = {434},
  ISSN = {2053-9177},
  url = {http://dx.doi.org/10.1098/rspa.1991.0075},
  DOI = {10.1098/rspa.1991.0075},
  number = {1890},
  journal = {Proceedings of the Royal Society of London. Series A: Mathematical and Physical Sciences},
  publisher = {The Royal Society},
  year = {1991},
  month = jul,
  pages = {9–13}
}

@article{Zakharov1975,
  title = {Statistical description of nonlinear wave fields},
  volume = {18},
  ISSN = {1573-9120},
  url = {http://dx.doi.org/10.1007/BF01040337},
  DOI = {10.1007/bf01040337},
  number = {10},
  journal = {Radiophysics and Quantum Electronics},
  publisher = {Springer Science and Business Media LLC},
  author = {Zakharov,  V. E. and L’vov,  V. S.},
  year = {1975},
  month = oct,
  pages = {1084–1097}
}

@article{Rosenhaus2023,
  title = {Feynman rules for forced wave turbulence},
  volume = {2023},
  ISSN = {1029-8479},
  url = {http://dx.doi.org/10.1007/JHEP01(2023)142},
  DOI = {10.1007/jhep01(2023)142},
  number = {1},
  journal = {Journal of High Energy Physics},
  publisher = {Springer Science and Business Media LLC},
  author = {Rosenhaus,  Vladimir and Smolkin,  Michael},
  year = {2023},
  month = jan 
}

@article{Bjorken:1965zz,
    author = "Bjorken, James D. and Drell, Sidney D.",
    title = "{Relativistic quantum fields}",
    year = "1965"
}

@article{Gurarie:1994ut,
    author = "Gurarie, V.",
    title = "{Probability density, diagrammatic technique, and epsilon expansion in the theory of wave turbulence}",
    eprint = "hep-th/9405077",
    archivePrefix = "arXiv",
    reportNumber = "PUPT-1462",
    doi = "10.1016/0550-3213(95)00108-5",
    journal = "Nucl. Phys. B",
    volume = "441",
    pages = "569--594",
    year = "1995"
}

@article{Rosenhaus:2022uwa,
    author = "Rosenhaus, Vladimir and Smolkin, Michael",
    title = "{Wave turbulence and the kinetic equation~beyond leading order}",
    eprint = "2212.02555",
    archivePrefix = "arXiv",
    primaryClass = "cond-mat.stat-mech",
    doi = "10.1103/PhysRevE.109.064127",
    journal = "Phys. Rev. E",
    volume = "109",
    number = "6",
    pages = "064127",
    year = "2024"
}

@article{Rosenhaus:2023sik,
    author = "Rosenhaus, Vladimir and Schubring, Daniel and Shuvo, Md Shaikot Jahan and Smolkin, Michael",
    title = "{Loop diagrams in the kinetic theory of waves}",
    eprint = "2308.00740",
    archivePrefix = "arXiv",
    primaryClass = "hep-th",
    doi = "10.1007/JHEP06(2024)025",
    journal = "JHEP",
    volume = "06",
    pages = "025",
    year = "2024"
}

@article{Rosenhaus:2023pdj,
    author = "Rosenhaus, Vladimir and Falkovich, Gregory",
    title = "{Interaction Renormalization and Validity of Kinetic Equations for Turbulent States}",
    eprint = "2308.00033",
    archivePrefix = "arXiv",
    primaryClass = "hep-th",
    doi = "10.1103/PhysRevLett.133.244002",
    journal = "Phys. Rev. Lett.",
    volume = "133",
    number = "24",
    pages = "244002",
    year = "2024"
}

@article{Rosenhaus:2025mgj,
    author = "Rosenhaus, Vladimir and Falkovich, Gregory",
    title = "{Weak and strong turbulence in self-focusing and defocusing media}",
    eprint = "2501.12451",
    archivePrefix = "arXiv",
    primaryClass = "physics.flu-dyn",
    month = "1",
    year = "2025"
}
